@misc{website:test,
    author = "{testtest}",
    title = "Organisation",
    year = "",
    url = "test"
}
@misc{security_assesment_report,
    title = "Information gathered from various security assesment tools",
    year = "2022",
    url = "https://github.com/DevelOpsITU/MiniTwit/wiki/Information-gathered-from-various-security-assesment-tools"
}
@misc{owasp_path_traversal,
    title = "owasp - Path traversal",
    year = "2022",
    url = "https://owasp.org/www-community/attacks/Path_Traversal"
}

@misc{owasp_sql_injection,
    title = "owasp - SQL injection",
    year = "2022",
    url = "https://owasp.org/www-community/attacks/SQL_Injection"
}

@misc{gin-csrf,
    title = "gin-csrf middleware",
    year = "2022",
    url = "https://github.com/utrack/gin-csrf"
}

@misc{gorm,
    title = "GORM - ORM for Golang",
    year = "2022",
    url = "https://gorm.io/index.html"
}

@misc{discord_privacy,
    title = "Discord - Four steps to a super safe server",
    year = "2022",
    url = "https://discord.com/safety/360043653152-Four-steps-to-a-super-safe-server"
}

@misc{issue134,
    title = "Decide on a license #134",
    year = "2022",
    url = "https://github.com/DevelOpsITU/MiniTwit/issues/134"
}

% section 2 related
@misc{contributing.md,
    title = "Contributing.md",
    year = "2022",
    url = "https://github.com/DevelOpsITU/MiniTwit/blob/main/CONTRIBUTING.md"
}
@misc{golinter.sh,
    title = "golinter.sh",
    year = "2022",
    url = "https://github.com/DevelOpsITU/MiniTwit/blob/7d425f8a7e31dde29071c83f76787460fe3c80b1/scripts/golinter.sh"
}
@misc{scancode_dockerfile,
    title = "Scancode - Dockerfile",
    year = "2022",
    url = "https://github.com/DevelOpsITU/MiniTwit/blob/feature/\%23117_Setup_Github_action_as_CI/scripts/scancode/Dockerfile"
}
@misc{ci_run_example_1,
    title = "CI run - example",
    year = "2022",
    url = "https://github.com/DevelOpsITU/MiniTwit/runs/5634305253?check_suite_focus=true"
}
@misc{shellchecker.sh,
    title = "shellchecker.sh",
    year = "2022",
    url = "https://github.com/DevelOpsITU/MiniTwit/blob/main/scripts/shellchecker.sh"
}
@misc{grafana_loki,
    title = "Grafana Loki",
    year = "2022",
    url = "https://grafana.com/oss/loki/"
}

@misc{issue58,
    title = "Decide on CI/CD system \#58",
    year = "2022",
    url = "https://github.com/DevelOpsITU/MiniTwit/issues/58"
}
@misc{issue69,
    title = "Discussion about Travis and flows and actions \#69",
    year = "2022",
    url = "https://github.com/DevelOpsITU/MiniTwit/issues/69"
}
@misc{issue90,
    title = "Improve logging of the system \#90",
    year = "2022",
    url = "https://github.com/DevelOpsITU/MiniTwit/issues/90"
}
@misc{issue99,
    title = "Decide on monitoring system \#99",
    year = "2022",
    url = "https://github.com/DevelOpsITU/MiniTwit/issues/99"
}
@misc{issue100,
    title = "Decide on visualization app \#100",
    year = "2022",
    url = "https://github.com/DevelOpsITU/MiniTwit/issues/100"
}
@misc{issue103,
    title = "Setup minitoring \#103",
    year = "2022",
    url = "https://github.com/DevelOpsITU/MiniTwit/issues/103"
}
@misc{issue105,
    title = "Create and setup minitoring server \#105",
    year = "2022",
    url = "https://github.com/DevelOpsITU/MiniTwit/issues/105"
}
@misc{issue113,
    title = "Add code linting, code analysis, vulnerability checks \#113",
    year = "2022",
    url = "https://github.com/DevelOpsITU/MiniTwit/issues/113"
}
@misc{issue114,
    title = "Add Maintainability and Technical Debt estimation tools \#114",
    year = "2022",
    url = "https://github.com/DevelOpsITU/MiniTwit/issues/114"
}
@misc{issue117,
    title = "Setup Github action as CI \#117",
    year = "2022",
    url = "https://github.com/DevelOpsITU/MiniTwit/issues/117"
}
@misc{issue121,
    title = "Add detailed endpoint monitoring in Grafana \#121",
    year = "2022",
    url = "https://github.com/DevelOpsITU/MiniTwit/issues/121"
}
@misc{issue124,
    title = "Scrape and display data from the simulator graphs \#124",
    year = "2022",
    url = "https://github.com/DevelOpsITU/MiniTwit/issues/124"
}
@misc{issue126,
    title = "Add centralized logging \#126",
    year = "2022",
    url = "https://github.com/DevelOpsITU/MiniTwit/issues/126"
}
@misc{issue150,
    title = "Add active monitoring \#150",
    year = "2022",
    url = "https://github.com/DevelOpsITU/MiniTwit/issues/150"
}
@misc{issue151,
    title = "Scrape database stats \#151",
    year = "2022",
    url = "https://github.com/DevelOpsITU/MiniTwit/issues/151"
}
@misc{issue175,
    title = "Scale the application \#175",
    year = "2022",
    url = "https://github.com/DevelOpsITU/MiniTwit/issues/175"
}
@misc{blue_green_deployment,
    title = "What is blue green deployment?",
    year = "2019",
    url = "https://www.redhat.com/en/topics/devops/what-is-blue-green-deployment"
}



% section 3 related
@misc{issue83,
    title = "Minitwit crashed \#83",
    year = "2022",
    url = "https://github.com/DevelOpsITU/MiniTwit/issues/83"
}

@misc{issue86,
    title = "Minitwit crashed again - But did recover \#86",
    year = "2022",
    url = "https://github.com/DevelOpsITU/MiniTwit/issues/86"
}

@misc{issue37,
    title = "Handle Database migration/setup \#37",
    year = "2022",
    url = "https://github.com/DevelOpsITU/MiniTwit/issues/37"
}

@misc{issue92,
    title = "Migrate data from SQLite to PostgreSQL \#92",
    year = "2022",
    url = "https://github.com/DevelOpsITU/MiniTwit/issues/92"
}

@misc{issue109,
    title = "Major migration problem \#109",
    year = "2022",
    url = "https://github.com/DevelOpsITU/MiniTwit/issues/109"
}

@misc{issue112,
    title = "Error found in follower table from the database migration and misleading error message \#112",
    year = "2022",
    url = "https://github.com/DevelOpsITU/MiniTwit/issues/112"
}

@misc{issue182,
    title = "Figure our bottleneck in request latency \#182",
    year = "2022",
    url = "https://github.com/DevelOpsITU/MiniTwit/issues/182"
}

@misc{issue183,
    title = "Monitoring Server Constantly crashing/restarting \#183",
    year = "2022",
    url = "https://github.com/DevelOpsITU/MiniTwit/issues/183"
}






